

@Manual{R,
  title = {\proglang{R}: {A} Language and Environment for Statistical Computing},
  author = {{\proglang{R} Core Team}},
  organization = {\proglang{R} Foundation for Statistical Computing},
  address = {Vienna, Austria},
  year = {2017},
  url = {https://www.R-project.org/},
}

@Manual{Jackman:2015,
  title = {\pkg{pscl}: Classes and Methods for \proglang{R} Developed in the Political Science Computational Laboratory, Stanford University},
  author = {Simon Jackman},
  year = {2015},
  note = {\proglang{R} package version 1.4.9},
  url = {https://CRAN.R-project.org/package=pscl},
}

@Manual{Hyndman2020,
  title  = {CRAN Task View: Time Series Analysis},
  author = {Rob J Hyndman},
  year   = {2020},
  url    = {https://CRAN.R-project.org/view=TimeSeries},
}

@Manual{aTSA2015,
  title = {\pkg{aTSA}: Alternative Time Series Analysis},
  author = {Debin Qiu},
  year = {2015},
  note = {\proglang{R} package version 3.1.2},
  url = {https://CRAN.R-project.org/package=aTSA},
}

@Manual{egcm2017,
  title = {\pkg{egcm}: Engle-Granger Cointegration Models},
  author = {Matthew Clegg},
  year = {2017},
  note = {\proglang{R} package version 1.0.12},
  url = {https://CRAN.R-project.org/package=egcm},
}

@ARTICLE{EngleGranger1987,
  author = {Engle, Robert F. and Granger, Clive W. J},
  title = {Co-integration and Error Correction: Representation, Estimation and Testing},
  journal = {Econometrica},
  year = {1987},
  volume = {55},
  number = {2},
  pages = {251--276},
}

@Manual{urca2016,
  title = {\pkg{urca}: Unit Root and Cointegration Tests for Time Series Data},
  author = {Bernhard Pfaff and Eric Zivot and Matthieu Stigler},
  year = {2016},
  note = {\proglang{R} package version 1.3-0},
  url = {https://CRAN.R-project.org/package=urcs},
}

@Manual{tseries2019,
  title = {\pkg{tseries}: Time Series Analysis and Computational Finance},
  author = {Adrian Trapletti and Kurt Hornik and Blake LeBaron},
  year = {2019},
  note = {\proglang{R} package version 0.10-47},
  url = {https://CRAN.R-project.org/package=tseries},
}


@ARTICLE{PhillipsOuliaris1990,
  author = {Phillips, P.C.B. and Ouliaris, S.},
  title = {Asymptotic Properties of Residual Based tests for Cointegration},
  journal = {Econometrica},
  year = {1990},
  volume = {58},
  number = {1},
  pages = {165--193},
}


@ARTICLE{PhillipsPerron1988,
  author = {Phillips, P.C.B. and Perron, P.},
  title = {Testing for a Unit Root in Time Series Regression},
  journal = {Biometrika},
  year = {1988},
  volume = {75},
  number = {2},
  pages = {335--346},
}


@Manual{tsDyn2020,
  title = {\pkg{tsDyn}: Nonlinear Time Series Models with Regime Switching},
  author = {Antonio Fabio Di Narzo and Jose Luis Aznarte and Matthieu Stigler and Ho Tsung-wu},
  year = {2020},
  note = {\proglang{R} package version 10-1.2},
  url = {https://CRAN.R-project.org/package=tsDyn},
}

@Manual{cointReg2016,
  title = {\pkg{cointReg}: Parameter Estimation and Inference in a Cointegrating Regression},
  author = {Philipp Aschersleben and Martin Wagner},
  year = {2016},
  note = {\proglang{R} package version 0.2.0},
  url = {https://CRAN.R-project.org/package=cointReg},
}


@ARTICLE{PhillipsHansen1990,
  author = {Phillips, P.C.B. and Hansen, B.},
  title = {Statistical Inference in Instrumental Variables Regression with I(1) Processes},
  journal = {Review of Economic Studies},
  year = {1990},
  volume = {57},
  pages = {99--125},
}


@ARTICLE{PhillipsLoretan1991,
  author = {Phillips, P.C.B. and Loretan, M.},
  title = {Estimating Long Run Economic Equilibria},
  journal = {Review of Economic Studies},
  year = {1991},
  volume = {58},
  pages = {407--436},
}


@ARTICLE{Saikkonen1991,
  author = {Saikkonen, P.},
  title = {Asymptotically Efficient Estimation of Cointegrating Regressions},
  journal = {Econometric Theory},
  year = {1991},
  volume = {7},
  pages = {1--21},
}


@ARTICLE{StockWatson1993,
  author = {Stock, J.H. and M.W. Watson},
  title = {A Simple Estimator of Cointegrating Vectors in Higher Order Integrated Systems},
  journal = {Econometrica},
  year = {1993},
  volume = {61},
  pages = {783--820},
}


@ARTICLE{VogelsangWagner2014,
  author = {Vogelsang, T.J. and M. Wagner},
  title = {Integrated Modified OLS Estimation and Fixed-b Inference for Cointegrating Regressions},
  journal = {Journal of Econometrics},
  year = {2014},
  volume = {148},
  pages = {741--760},
}


@Manual{fracdiff2020,
  title = {\pkg{fracdiff}: Fractionally Differenced ARIMA aka ARFIMA(P,d,q) Models},
  author = {Martin Maechler and Chris Fraley and Friedrich Leisch and Valderio Reisen and Artur Lemonte and Rob Hyndman},
  year = {2020},
  note = {\proglang{R} package version 1.5-1},
  url = {https://CRAN.R-project.org/package=fracdiff},
}

@Manual{arfima2018,
  title = {\pkg{arfima}: Fractional ARIMA (and Other Long Memory) Time Series Modeling},
  author = {Justin Q. Veenstra and A.I. McLeod},
  year = {2018},
  note = {\proglang{R} package version 1.7-0},
  url = {https://CRAN.R-project.org/package=arfima},
}

@Manual{nsarfima2019,
  title = {\pkg{nsarfima}: Methods for Fitting and Simulating Non-Stationary ARFIMA Models},
  author = {Benjamin Groebe},
  year = {2019},
  note = {\proglang{R} package version 0.1.0.0},
  url = {https://CRAN.R-project.org/package=nsarfima},
}


@ARTICLE{Beran1995,
  author = {Beran, J.},
  title = {Maximum Likelihood Estimation of the Differencing Parameter for Short and Long Memory Autoregressive Integrated Moving Average Models},
  journal = {Journal of the Royal Statistical Society. Series B (Methodological)},
  year = {1995},
  volume = {57},
  number = {4},
  pages = {659--672},
}


@ARTICLE{Mayoral2007,
  author = {Mayoral, L.},
  title = {Minimum Distance Estimation of Stationary and Non-stationary ARFIMA Processes},
  journal = {The Econometrics Journal},
  year = {2007},
  volume = {10},
  pages = {124--148},
}




@Manual{LongMemoryTS2019,
  title = {\pkg{LongMemoryTS}: Long Memory Time Series},
  author = {Christian Leschinski and Michelle Voges and Kai Wenger},
  year = {2019},
  note = {\proglang{R} package version 0.1.0},
  url = {https://CRAN.R-project.org/package=LongMemoryTS},
}


@ARTICLE{RobinsonL1995,
  author = {L. Robinson},
  title = {Minimum Distance Estimation of Stationary and Non-stationary ARFIMA Processes},
  journal = {The Econometrics Journal},
  year = {1995},
  volume = {10},
  pages = {124--148},
}


@ARTICLE{RobinsonPM1995a,
  author = {P. M. Robinson},
  title = {Gaussian Semiparametric Estimation of Long Range Dependence},
  journal = {The Annals of Statistics},
  year = {1995},
  volume = {23},
  number = {5},
  pages = {1630--1661},
}


@ARTICLE{RobinsonPM1995b,
  author = {P. M. Robinson},
  title = {Log-periodogram Regression of Time Series with Long Range Dependence},
  journal = {The Annals of Statistics},
  year = {1995},
  volume = {23},
  number = {5},
  pages = {1048--1072},
}


@ARTICLE{GPH1983,
  author = {Geweke, J. and Porter-Hudak, S.},
  title = {The Estimation and Application of Long Memory Time Series Models},
  journal = {Journal of Time Series Analysis},
  year = {1983},
  volume = {4},
  pages = {221--238},
}


@ARTICLE{ShimotsuPhillips2005,
  author = {Shimotsu, K. and Phillips, P. C. B.},
  title = {Exact Local Whittle Estimation Of Fractional Integration},
  journal = {The Annals of Statistics},
  year = {2005},
  volume = {33},
  number = {4},
  pages = {1890--1933},
}


@ARTICLE{Shimotsu2010,
  author = {Shimotsu, K.},
  title = {Exact Local Whittle Estimation Of Fractional Integration with Unknown Mean and Time Trend},
  journal = {Econometric Theory},
  year = {2010},
  volume = {26},
  pages = {501--540},
}


@ARTICLE{FredNielsenNielsen2012,
  author = {P. S. Frederiksen and F. Nielsen and M. {\O}. Nielsen},
  title = {Local Polynomial Whittle Estimation of Perturbed Fractional Processes},
  journal = {Journal of Econometrics},
  year = {2012},
  volume = {167},
  number = {2},
  pages = {426--447},
}


@ARTICLE{HouPerron2014,
  author = {Hou, J. and Perron, P.},
  title = {Modified Local Whittle Estimator for Long Memory Processes in the Presence of Low Frequency (and other) Contaminations},
  journal = {Journal of Econometrics},
  year = {2014},
  volume = {182},
  number = {2},
  pages = {309--328},
}


@ARTICLE{ChenHurvich2003,
  author = {Chen, W. W. and Hurvich, C. M.},
  title = {Semiparametric Estimation of Multivariate Fractional Cointegration},
  journal = {Journal of the American Statistical Association},
  year = {2003},
  volume = {98},
  number = {463},
  pages = {629--642},
}


@ARTICLE{RobinsonYajima2002,
  author = {Robinson, P. M. and Yajima, Y.},
  title = {Determination of Cointegrating Rank in Fractional Systems},
  journal = {Journal of Econometrics},
  year = {2002},
  volume = {106},
  number = {2},
  pages = {217--241},
}


@ARTICLE{NielsenShimotsu2007,
  author = {Nielsen, M. {\O}. and Shimotsu, K.},
  title = {Determining the Cointegrating Rank in Nonstationary Fractional Systems by the Exact Local Whittle Approach},
  journal = {Journal of Econometrics},
  year = {2007},
  volume = {141},
  number = {2},
  pages = {574--596},
}


@ARTICLE{ZhangRobinsonYao2018,
  author = {Zhang, R. and Robinson, P. and Yao, Q.},
  title = {Identifying Cointegration by Eigenanalysis},
  journal = {Journal of the American Statistical Association},
  year = {2018},
  volume = {114},
  number = {526},
  pages = {916--927},
}


@ARTICLE{ChristensenNielsen2006,
  author = {Christensen, B. J. and Nielsen, M. \O.},
  title = {Asymptotic Normality of Narrow-band Least Squares in the Stationary Fractional Cointegration Model and Volatility Forecasting},
  journal = {Journal of Econometrics},
  year = {2006},
  volume = {133},
  pages = {343--371},
}


@ARTICLE{Robinson1994,
  author = {Robinson, P. M.},
  title = {Semiparametric Analysis of Long-memory Time Series},
  journal = {Annals of Statistics},
  year = {1994},
  volume = {22},
  pages = {515--539},
}


@incollection{RobinsonMarinucci2003,
  author       = {Robinson, P. M. and Marinucci, D.}, 
  title        = {Likelihood-Based Inference in Cointegrated Vector Autoregressive Models},
  booktitle    = {Time Series with Long Memory},
  publisher    = {Oxford University Press},
  year         = 2003,
  editor       = {Robinson, P. M.},
  pages = {334--373},
  address      = {Oxford}
}



@ARTICLE{ChenHurvich2006,
  author = {Chen, W. W. and Hurvich, C. M.},
  title = {Semiparametric Estimation of Fractional Cointegrating Subspaces},
  journal = {The Annals of Statistics},
  year = {2006},
  volume = {34},
  number = {6},
  pages = {2939--2979},
}


@ARTICLE{MarmolVelasco2004,
  author = {Marmol, F. and Velasco, C.},
  title = {Consistent Testing of Cointegrating Relationships},
  journal = {Econometrica},
  year = {2004},
  volume = {72},
  number = {6},
  pages = {1809--1844},
}


@ARTICLE{WangWangChan2015,
  author = {Wang, B. and Wang, M. and Chan, N. H.},
  title = {Residual-based Test for Fractional Cointegration},
  journal = {Economics Letters},
  year = {2015},
  volume = {126},
  pages = {43--46},
}


@ARTICLE{Nielsen2010,
  author = {Nielsen, M. {\O}.},
  title = {Nonparametric Cointegration Analysis of Fractional Systems with Unknown Integration Orders},
  journal = {Journal of Econometrics},
  year = {2010},
  volume = {155},
  number = {2},
  pages = {170--187},
}


@ARTICLE{Robinson2008,
  author = {Robinson, P.M.},
  title = {Diagnostic Testing for Cointegration},
  journal = {Journal of Econometrics},
  year = {2008},
  volume = {143},
  number = {1},
  pages = {206--225},
}


@ARTICLE{SouzaEtal2018,
  author = {Souza, I. V. M. and Reisen, V. A. and Franco, G. d. C. and Bondon, P.},
  title = { The Estimation and Testing of the Cointegration Order based on the Frequency Domain},
  journal = {Journal of Business and Economic Statistics},
  year = {2018},
  volume = {36},
  number = {4},
  pages = {695--704},
}


@ARTICLE{NielsenFrederiksen2011,
  author = {Nielsen, M. {\O}. and P. S. Frederiksen},
  title = {Fully Modified Narrow-band Least Squares Estimation of Weak Fractional Cointegration},
  journal = {The Econometrics Journal},
  year = {2011},
  volume = {14},
  pages = {77--120},
}







@ARTICLE{JN2018b,
	author = {Johansen, S{\o}ren and Nielsen, Morten {\O}rregaard},
	title = {Nonstationary Cointegration in the Fractionally Cointegrated {VAR} Model},
	note = {QED working paper 1405, Queen's University},
	year = {2018}
}

@ARTICLE{JN2018,
	author = {Johansen, S{\o}ren and Nielsen, Morten {\O}rregaard},
	title = {Testing the {CVAR} in the Fractional {CVAR} Model},
	note = {Forthcoming in \emph{Journal of Time Series Analysis}},
	year = {2018}
}

@ARTICLE{Carlini2014,
	author = {F. Carlini and P. S. {de Magistris}},
	title = {On the Identification of Fractionally Cointegrated {VAR} Models with the {F(d)} Condition},
	note = {Forthcoming in \emph{Journal of Business \& Economic Statistics}},
	year = {2017}
}

@ARTICLE{Doornik2016,
	author = {J. A. Doornik},
	title = {Accelerated Estimation of Switching Algorithms: The Cointegrated {VAR} Model and other Applications},
	note = {Forthcoming in \emph{Scandinavian Journal of Statistics}},
	year = {2018}
}

@ARTICLE{Cavaliere2010,
	author = {G. Cavaliere and A. Rahbek and A. M. R. Taylor},
	title = {Testing for Co-integration in Vector Autoregressions with Non-stationary Volatility},
	journal = {Journal of Econometrics},
	year = {2010},
	volume = {158},
	pages = {7--24}
}

@ARTICLE{Boswijk2013,
	author = {H. P. Boswijk and G. Cavaliere and A. Rahbek and A. M. R. Taylor},
	title = {Inference on Co-integration Parameters in Heteroskedastic Vector Autoregressions},
	journal = {Journal of Econometrics},
	year = {2016},
	volume = {192},
	pages = {64--85}
}
@ARTICLE{JNP2014,
	author = {Maggie Jones and Morten {\O}rregaard Nielsen and {Micha\l{}} Ksawery Popiel},
	title = {A Fractionally Cointegrated {VAR} Analysis of Economic Voting and Political Support},
	journal = {Canadian Journal of Economics},
	year = {2014},
	volume = {47},
	pages = {1078--1130}
}

@ARTICLE{Dolatabadi2014,
	author = {Sepideh Dolatabadi and Morten {\O}rregaard Nielsen and Ke Xu},
	title = {A Fractionally Cointegrated {VAR} Model with Deterministic Trends and Application to Commodity Futures Markets},
	journal = {Journal of Empirical Finance},
	volume = {38B},
	year = {2016},
	pages = {623--639}
}

@ARTICLE{Jensen2014,
  author = {Jensen, Andreas Noack and Nielsen, Morten {\O}rregaard},
  title = {A Fast Fractional Difference Algorithm},
  year = {2014},
  journal = {Journal of Time Series Analysis},
  volume = {35},
  pages = {428--436}
}

@ARTICLE{Boswijk2004,
  author = {Boswijk, H. Peter and Doornik, Jurgen A.},
  title = {Identifying, Estimating and Testing Restricted Cointegrated Systems: An Overview},
  year = {2004},
  journal = {Statistica Neerlandica},
  volume = {58},
  pages = {440--465}
}

@BOOK{Johansen1995,
  title = {Likelihood-Based Inference in Cointegrated Vector Autoregressive
	Models},
  publisher = {Oxford University Press},
  year = {1995},
  author = {Johansen, S{\o}ren},
  address = {New York}
}

@ARTICLE{Johansen2008,
  author = {Johansen, S{\o}ren},
  title = {A Representation Theory for a Class of Vector Autoregressive Models
	for Fractional Processes},
  journal = {Econometric Theory},
  year = {2008},
  volume = {24},
  pages = {651--676}
}

@ARTICLE{johansen2014initial,
  author = {Johansen, S{\o}ren and Nielsen, Morten {\O}rregaard},
  title = {The Role of Initial Values in Conditional Sum-of-Squares Estimation of Nonstationary Fractional Time Series Models},
  year = {2016},
  journal = {Econometric Theory},
  volume = {32},
  pages = {1095--1139}
}

@ARTICLE{johansen2012likelihood,
  author = {Johansen, S{\o}ren and Nielsen, Morten {\O}rregaard},
  title = {Likelihood Inference for a Fractionally Cointegrated Vector Autoregressive
	Model},
  journal = {Econometrica},
  year = {2012},
  volume = {80},
  pages = {2667--2732},
}

@ARTICLE{johniel2010,
  author = {Johansen, S{\o}ren and Nielsen, Morten {\O}rregaard},
  title = {Likelihood Inference for a Nonstationary Fractional Autoregressive
	Model},
  journal = {Journal of Econometrics},
  year = {2010},
  volume = {158},
  pages = {51--66}
}

@BOOK{Juselius2006,
  title = {The Cointegrated VAR Model},
  publisher = {Oxford University Press},
  year = {2006},
  author = {Juselius, Katarina},
  owner = {maggiejones},
  timestamp = {2014.03.10}
}

@ARTICLE{mackinnon2014numerical,
  author = {MacKinnon, James G and Nielsen, Morten {\O}rregaard},
  title = {Numerical Distribution Functions of Fractional Unit Root and Cointegration
	Tests},
  journal = {Journal of Applied Econometrics},
  year = {2014},
  volume = {29},
  pages = {161--171}
}

@ARTICLE{Nielsen2013,
  author = {Nielsen, Morten {\O}rregaard and Morin, Lealand},
  title = {{FCVARmodel.m:} A {Matlab} Software Package for Estimation and Testing
	in the Fractionally Cointegrated {VAR} Model},
  year = {2014},
  note = {QED working paper 1273, Queen's University}
}

@ARTICLE{Nielsen2016,
  author = {Nielsen, Morten {\O}rregaard and Popiel, Micha\l{} Ksawery },
  title = {A {Matlab} Program and User's Guide for the Fractionally Cointegrated {VAR} model},
  year = {2016},
  note = {QED working paper 1330, Queen's University}
}






